
@article{tuna2008,
	title = {LQR-based coupling gain for synchronization of linear systems},
	author = {Tuna, S. Emre},
	year = {2008},
	date = {2008},
	doi = {10.48550/ARXIV.0801.3390},
	url = {https://arxiv.org/abs/0801.3390}
}

@article{gorman2014,
	title = {Ecological Sexual Dimorphism and Environmental Variability within a Community of Antarctic Penguins (Genus Pygoscelis)},
	author = {Gorman, Kristen B. and Williams, Tony D. and Fraser, William R.},
	editor = {Chiaradia, {Andr√©}},
	year = {2014},
	month = {03},
	date = {2014-03-05},
	journal = {PLoS ONE},
	pages = {e90081},
	volume = {9},
	number = {3},
	doi = {10.1371/journal.pone.0090081},
	url = {http://dx.doi.org/10.1371/journal.pone.0090081},
	langid = {en}
}
